@article{Martin:2009iq,
      author         = "Martin, A.D. and Stirling, W.J. and Thorne, R.S. and
                        Watt, G.",
      title          = "{Parton distributions for the LHC}",
      journal        = "Eur.Phys.J.",
      volume         = "C63",
      pages          = "189-285",
      doi            = "10.1140/epjc/s10052-009-1072-5",
      year           = "2009",
      eprint         = "0901.0002",
      archivePrefix  = "arXiv",
      primaryClass   = "hep-ph",
      reportNumber   = "IPPP-08-95, DCPT-08-190, CAVENDISH-HEP-08-16",
      SLACcitation   = "%%CITATION = ARXIV:0901.0002;%%",
}
@article{Glosser:2002gm,
      author         = "Glosser, Christopher J. and Schmidt, Carl R.",
      title          = "{Next-to-leading corrections to the Higgs boson
                        transverse momentum spectrum in gluon fusion}",
      journal        = "JHEP",
      volume         = "0212",
      pages          = "016",
      year           = "2002",
      eprint         = "hep-ph/0209248",
      archivePrefix  = "arXiv",
      primaryClass   = "hep-ph",
      reportNumber   = "MSUHEP-20915, UTHEP-02-0902",
      SLACcitation   = "%%CITATION = HEP-PH/0209248;%%",
}
@article{Collins:1981uk,
      author         = "Collins, John C. and Soper, Davison E.",
      title          = "{Back-To-Back Jets in QCD}",
      journal        = "Nucl.Phys.",
      volume         = "B193",
      pages          = "381",
      doi            = "10.1016/0550-3213(81)90339-4",
      year           = "1981",
      reportNumber   = "OITS-155",
      SLACcitation   = "%%CITATION = NUPHA,B193,381;%%",
}
@article{Collins:1981va,
      author         = "Collins, John C. and Soper, Davison E.",
      title          = "{Back-To-Back Jets: Fourier Transform from B to
                        K-Transverse}",
      journal        = "Nucl.Phys.",
      volume         = "B197",
      pages          = "446",
      doi            = "10.1016/0550-3213(82)90453-9",
      year           = "1982",
      reportNumber   = "OITS-153",
      SLACcitation   = "%%CITATION = NUPHA,B197,446;%%",
}
@article{Collins:1984kg,
      author         = "Collins, John C. and Soper, Davison E. and Sterman,
                        George F.",
      title          = "{Transverse Momentum Distribution in Drell-Yan Pair and W
                        and Z Boson Production}",
      journal        = "Nucl.Phys.",
      volume         = "B250",
      pages          = "199",
      doi            = "10.1016/0550-3213(85)90479-1",
      year           = "1985",
      reportNumber   = "CERN-TH-3923",
      SLACcitation   = "%%CITATION = NUPHA,B250,199;%%",
}
@article{deFlorian:2001zd,
      author         = "de Florian, Daniel and Grazzini, Massimiliano",
      title          = "{The Structure of large logarithmic corrections at small
                        transverse momentum in hadronic collisions}",
      journal        = "Nucl.Phys.",
      volume         = "B616",
      pages          = "247-285",
      doi            = "10.1016/S0550-3213(01)00460-6",
      year           = "2001",
      eprint         = "hep-ph/0108273",
      archivePrefix  = "arXiv",
      primaryClass   = "hep-ph",
      SLACcitation   = "%%CITATION = HEP-PH/0108273;%%",
}
@article{Arnold:1990yk,
      author         = "Arnold, Peter Brockway and Kauffman, Russel P.",
      title          = "{W and Z production at next-to-leading order: From large
                        q(t) to small}",
      journal        = "Nucl.Phys.",
      volume         = "B349",
      pages          = "381-413",
      doi            = "10.1016/0550-3213(91)90330-Z",
      year           = "1991",
      reportNumber   = "ANL-HEP-PR-90-70",
      SLACcitation   = "%%CITATION = NUPHA,B349,381;%%",
}
@article{Ellis:1997ii,
      author         = "Ellis, R. Keith and Veseli, Sinisa",
      title          = "{$W$ and $Z$ transverse momentum distributions:
                        Resummation in $q_{T}$ space}",
      journal        = "Nucl.Phys.",
      volume         = "B511",
      pages          = "649-669",
      doi            = "10.1016/S0550-3213(97)00655-X",
      year           = "1998",
      eprint         = "hep-ph/9706526",
      archivePrefix  = "arXiv",
      primaryClass   = "hep-ph",
      reportNumber   = "FERMILAB-PUB-97-207-T",
      SLACcitation   = "%%CITATION = HEP-PH/9706526;%%",
}
@article{Ellis:1997sc,
      author         = "Ellis, R. Keith and Ross, D.A. and Veseli, Sinisa",
      title          = "{Vector boson production in hadronic collisions}",
      journal        = "Nucl.Phys.",
      volume         = "B503",
      pages          = "309-338",
      doi            = "10.1016/S0550-3213(97)00403-3",
      year           = "1997",
      eprint         = "hep-ph/9704239",
      archivePrefix  = "arXiv",
      primaryClass   = "hep-ph",
      reportNumber   = "FERMILAB-PUB-97-082-T, SHEP-96-37",
      SLACcitation   = "%%CITATION = HEP-PH/9704239;%%",
}
@article{Frixione:1998dw,
      author         = "Frixione, Stefano and Nason, Paolo and Ridolfi, Giovanni",
      title          = "{Problems in the resummation of soft gluon effects in the
                        transverse momentum distributions of massive vector bosons
                        in hadronic collisions}",
      journal        = "Nucl.Phys.",
      volume         = "B542",
      pages          = "311-328",
      doi            = "10.1016/S0550-3213(98)00853-0",
      year           = "1999",
      eprint         = "hep-ph/9809367",
      archivePrefix  = "arXiv",
      primaryClass   = "hep-ph",
      reportNumber   = "CERN-TH-98-278, ETH-TH-98-24, GEF-TH-9-1998, IFUM-630-FT",
      SLACcitation   = "%%CITATION = HEP-PH/9809367;%%",
}
@article{Catani:2000vq,
      author         = "Catani, Stefano and de Florian, Daniel and Grazzini,
                        Massimiliano",
      title          = "{Universality of nonleading logarithmic contributions in
                        transverse momentum distributions}",
      journal        = "Nucl.Phys.",
      volume         = "B596",
      pages          = "299-312",
      doi            = "10.1016/S0550-3213(00)00617-9",
      year           = "2001",
      eprint         = "hep-ph/0008184",
      archivePrefix  = "arXiv",
      primaryClass   = "hep-ph",
      reportNumber   = "CERN-TH-2000-244",
      SLACcitation   = "%%CITATION = HEP-PH/0008184;%%",
}
@article{Nason:2006hfa,
      author         = "Nason, Paolo and Ridolfi, Giovanni",
      title          = "{A Positive-weight next-to-leading-order Monte Carlo for
                        Z pair hadroproduction}",
      journal        = "JHEP",
      volume         = "0608",
      pages          = "077",
      doi            = "10.1088/1126-6708/2006/08/077",
      year           = "2006",
      eprint         = "hep-ph/0606275",
      archivePrefix  = "arXiv",
      primaryClass   = "hep-ph",
      reportNumber   = "BICOCCA-FT-06-11, GEF-TH-1-2006",
      SLACcitation   = "%%CITATION = HEP-PH/0606275;%%",
}
@article{Kauffman:1991cx,
      author         = "Kauffman, R.P.",
      title          = "{Higher order corrections to Higgs boson p(T)}",
      journal        = "Phys.Rev.",
      volume         = "D45",
      pages          = "1512-1517",
      doi            = "10.1103/PhysRevD.45.1512",
      year           = "1992",
      SLACcitation   = "%%CITATION = PHRVA,D45,1512;%%",
}
@article{Balazs:1997xd,
      author         = "Balazs, C. and Yuan, C.P.",
      title          = "{Soft gluon effects on lepton pairs at hadron colliders}",
      journal        = "Phys.Rev.",
      volume         = "D56",
      pages          = "5558-5583",
      doi            = "10.1103/PhysRevD.56.5558",
      year           = "1997",
      eprint         = "hep-ph/9704258",
      archivePrefix  = "arXiv",
      primaryClass   = "hep-ph",
      reportNumber   = "MSUHEP-70402, CTEQ-704",
      SLACcitation   = "%%CITATION = HEP-PH/9704258;%%",
}
@article{Collins:1977iv,
      author         = "Collins, John C. and Soper, Davison E.",
      title          = "{Angular Distribution of Dileptons in High-Energy Hadron
                        Collisions}",
      journal        = "Phys.Rev.",
      volume         = "D16",
      pages          = "2219",
      doi            = "10.1103/PhysRevD.16.2219",
      year           = "1977",
      reportNumber   = "Print-77-0288 (PRINCETON)",
      SLACcitation   = "%%CITATION = PHRVA,D16,2219;%%",
}
@article{Catani:2010pd,
      author         = "Catani, Stefano and Grazzini, Massimiliano",
      title          = "{QCD transverse-momentum resummation in gluon fusion
                        processes}",
      journal        = "Nucl.Phys.",
      volume         = "B845",
      pages          = "297-323",
      doi            = "10.1016/j.nuclphysb.2010.12.007",
      year           = "2011",
      eprint         = "1011.3918",
      archivePrefix  = "arXiv",
      primaryClass   = "hep-ph",
      SLACcitation   = "%%CITATION = ARXIV:1011.3918;%%",
}
@article{Altarelli:1984pt,
      author         = "Altarelli, Guido and Ellis, R. Keith and Greco, Mario and
                        Martinelli, G.",
      title          = "{Vector Boson Production at Colliders: A Theoretical
                        Reappraisal}",
      journal        = "Nucl.Phys.",
      volume         = "B246",
      pages          = "12",
      doi            = "10.1016/0550-3213(84)90112-3",
      year           = "1984",
      reportNumber   = "CERN-TH-3851",
      SLACcitation   = "%%CITATION = NUPHA,B246,12;%%",
}
@article{Banfi:2012jm,
      author         = "Banfi, Andrea and Monni, Pier Francesco and Salam, Gavin
                        P. and Zanderighi, Giulia",
      title          = "{Higgs and Z-boson production with a jet veto}",
      journal        = "Phys.Rev.Lett.",
      volume         = "109",
      pages          = "202001",
      doi            = "10.1103/PhysRevLett.109.202001",
      year           = "2012",
      eprint         = "1206.4998",
      archivePrefix  = "arXiv",
      primaryClass   = "hep-ph",
      reportNumber   = "CERN-PH-TH-2012-173, LPN12-061, OUTP-12-14P, ZU-ZH-10-12",
      SLACcitation   = "%%CITATION = ARXIV:1206.4998;%%",
}
@article{Banfi:2012yh,
      author         = "Banfi, Andrea and Salam, Gavin P. and Zanderighi, Giulia",
      title          = "{NLL+NNLO predictions for jet-veto efficiencies in
                        Higgs-boson and Drell-Yan production}",
      journal        = "JHEP",
      volume         = "1206",
      pages          = "159",
      doi            = "10.1007/JHEP06(2012)159",
      year           = "2012",
      eprint         = "1203.5773",
      archivePrefix  = "arXiv",
      primaryClass   = "hep-ph",
      reportNumber   = "CERN-PH-TH-2012-065, OUTP-12-04P",
      SLACcitation   = "%%CITATION = ARXIV:1203.5773;%%",
}
@article{Banfi:2004yd,
      author         = "Banfi, Andrea and Salam, Gavin P. and Zanderighi, Giulia",
      title          = "{Principles of general final-state resummation and
                        automated implementation}",
      journal        = "JHEP",
      volume         = "0503",
      pages          = "073",
      doi            = "10.1088/1126-6708/2005/03/073",
      year           = "2005",
      eprint         = "hep-ph/0407286",
      archivePrefix  = "arXiv",
      primaryClass   = "hep-ph",
      reportNumber   = "FERMILAB-PUB-04-116-T, LPTHE-04-16, NIKHEF-2004-005",
      SLACcitation   = "%%CITATION = HEP-PH/0407286;%%",
}
@article{Banfi:2010xy,
      author         = "Banfi, Andrea and Salam, Gavin P. and Zanderighi, Giulia",
      title          = "{Phenomenology of event shapes at hadron colliders}",
      journal        = "JHEP",
      volume         = "1006",
      pages          = "038",
      doi            = "10.1007/JHEP06(2010)038",
      year           = "2010",
      eprint         = "1001.4082",
      archivePrefix  = "arXiv",
      primaryClass   = "hep-ph",
      SLACcitation   = "%%CITATION = ARXIV:1001.4082;%%",
}
@article{Banfi:2004nk,
      author         = "Banfi, Andrea and Salam, Gavin P. and Zanderighi, Giulia",
      title          = "{Resummed event shapes at hadron - hadron colliders}",
      journal        = "JHEP",
      volume         = "0408",
      pages          = "062",
      doi            = "10.1088/1126-6708/2004/08/062",
      year           = "2004",
      eprint         = "hep-ph/0407287",
      archivePrefix  = "arXiv",
      primaryClass   = "hep-ph",
      reportNumber   = "FERMILAB-PUB-04-117-T, LPTHE-04-18, NIKHEF-2004-006",
      SLACcitation   = "%%CITATION = HEP-PH/0407287;%%",
}
@article{Banfi:2001bz,
      author         = "Banfi, A. and Salam, G.P. and Zanderighi, G.",
      title          = "{Semi-numerical resummation of event shapes}",
      journal        = "JHEP",
      volume         = "0201",
      pages          = "018",
      year           = "2002",
      eprint         = "hep-ph/0112156",
      archivePrefix  = "arXiv",
      primaryClass   = "hep-ph",
      reportNumber   = "BICOCCA-FT-01-28, CERN-TH-2001-352, DCPT-01-122,
                        IPPP-01-61, LPTHE-01-77",
      SLACcitation   = "%%CITATION = HEP-PH/0112156;%%",
}
@article{Bozzi:2005wk,
      author         = "Bozzi, Giuseppe and Catani, Stefano and de Florian,
                        Daniel and Grazzini, Massimiliano",
      title          = "{Transverse-momentum resummation and the spectrum of the
                        Higgs boson at the LHC}",
      journal        = "Nucl.Phys.",
      volume         = "B737",
      pages          = "73-120",
      doi            = "10.1016/j.nuclphysb.2005.12.022",
      year           = "2006",
      eprint         = "hep-ph/0508068",
      archivePrefix  = "arXiv",
      primaryClass   = "hep-ph",
      SLACcitation   = "%%CITATION = HEP-PH/0508068;%%",
}
@article{Bozzi:2003jy,
      author         = "Bozzi, G. and Catani, S. and de Florian, D. and Grazzini,
                        M.",
      title          = "{The q(T) spectrum of the Higgs boson at the LHC in QCD
                        perturbation theory}",
      journal        = "Phys.Lett.",
      volume         = "B564",
      pages          = "65-72",
      doi            = "10.1016/S0370-2693(03)00656-7",
      year           = "2003",
      eprint         = "hep-ph/0302104",
      archivePrefix  = "arXiv",
      primaryClass   = "hep-ph",
      reportNumber   = "CERN-TH-2003-026",
      SLACcitation   = "%%CITATION = HEP-PH/0302104;%%",
}
@article{Bozzi:2010xn,
      author         = "Bozzi, Giuseppe and Catani, Stefano and Ferrera,
                        Giancarlo and de Florian, Daniel and Grazzini,
                        Massimiliano",
      title          = "{Production of Drell-Yan lepton pairs in hadron
                        collisions: Transverse-momentum resummation at
                        next-to-next-to-leading logarithmic accuracy}",
      journal        = "Phys.Lett.",
      volume         = "B696",
      pages          = "207-213",
      doi            = "10.1016/j.physletb.2010.12.024",
      year           = "2011",
      eprint         = "1007.2351",
      archivePrefix  = "arXiv",
      primaryClass   = "hep-ph",
      SLACcitation   = "%%CITATION = ARXIV:1007.2351;%%",
}
@article{Becher:2010tm,
      author         = "Becher, Thomas and Neubert, Matthias",
      title          = "{Drell-Yan production at small $q_T$, transverse parton
                        distributions and the collinear anomaly}",
      journal        = "Eur.Phys.J.",
      volume         = "C71",
      pages          = "1665",
      doi            = "10.1140/epjc/s10052-011-1665-7",
      year           = "2011",
      eprint         = "1007.4005",
      archivePrefix  = "arXiv",
      primaryClass   = "hep-ph",
      reportNumber   = "HD-THEP-10-13, MZ-TH-10-26",
      SLACcitation   = "%%CITATION = ARXIV:1007.4005;%%",
}
@article{Becher:2012qa,
      author         = "Becher, Thomas and Neubert, Matthias",
      title          = "{Factorization and NNLL Resummation for Higgs Production
                        with a Jet Veto}",
      journal        = "JHEP",
      volume         = "1207",
      pages          = "108",
      doi            = "10.1007/JHEP07(2012)108",
      year           = "2012",
      eprint         = "1205.3806",
      archivePrefix  = "arXiv",
      primaryClass   = "hep-ph",
      reportNumber   = "MZ-TH-12-18",
      SLACcitation   = "%%CITATION = ARXIV:1205.3806;%%",
}
@article{Berends:1988zn,
      author         = "Berends, Frits A. and Giele, W.T.",
      title          = "{Multiple Soft Gluon Radiation in Parton Processes}",
      journal        = "Nucl.Phys.",
      volume         = "B313",
      pages          = "595",
      doi            = "10.1016/0550-3213(89)90398-2",
      year           = "1989",
      reportNumber   = "Print-88-0541 (LEIDEN)",
      SLACcitation   = "%%CITATION = NUPHA,B313,595;%%",
}
@article{Dokshitzer:1992ip,
      author         = "Dokshitzer, Yuri L. and Marchesini, G. and Oriani, G.",
      title          = "{Measuring color flows in hard processes: Beyond leading
                        order}",
      journal        = "Nucl.Phys.",
      volume         = "B387",
      pages          = "675-714",
      doi            = "10.1016/0550-3213(92)90211-S",
      year           = "1992",
      reportNumber   = "LU-TP-92-19, UPRF-92-330",
      SLACcitation   = "%%CITATION = NUPHA,B387,675;%%",
}
@article{Campbell:1997hg,
      author         = "Campbell, John M. and Glover, E.W. Nigel",
      title          = "{Double unresolved approximations to multiparton
                        scattering amplitudes}",
      journal        = "Nucl.Phys.",
      volume         = "B527",
      pages          = "264-288",
      doi            = "10.1016/S0550-3213(98)00295-8",
      year           = "1998",
      eprint         = "hep-ph/9710255",
      archivePrefix  = "arXiv",
      primaryClass   = "hep-ph",
      reportNumber   = "DTP-97-82",
      SLACcitation   = "%%CITATION = HEP-PH/9710255;%%",
}
@article{Catani:1999ss,
      author         = "Catani, Stefano and Grazzini, Massimiliano",
      title          = "{Infrared factorization of tree level QCD amplitudes at
                        the next-to-next-to-leading order and beyond}",
      journal        = "Nucl.Phys.",
      volume         = "B570",
      pages          = "287-325",
      doi            = "10.1016/S0550-3213(99)00778-6",
      year           = "2000",
      eprint         = "hep-ph/9908523",
      archivePrefix  = "arXiv",
      primaryClass   = "hep-ph",
      reportNumber   = "CERN-TH-99-263, ETH-TH-99-22",
      SLACcitation   = "%%CITATION = HEP-PH/9908523;%%",
}
@article{Campbell:2006xx,
      author         = "Campbell, John M. and Ellis, R. Keith and Zanderighi,
                        Giulia",
      title          = "{Next-to-Leading order Higgs + 2 jet production via gluon
                        fusion}",
      journal        = "JHEP",
      volume         = "0610",
      pages          = "028",
      doi            = "10.1088/1126-6708/2006/10/028",
      year           = "2006",
      eprint         = "hep-ph/0608194",
      archivePrefix  = "arXiv",
      primaryClass   = "hep-ph",
      reportNumber   = "CERN-PH-TH-06-164, FERMILAB-PUB-06-274-T",
      SLACcitation   = "%%CITATION = HEP-PH/0608194;%%",
}
@article{Campbell:2010cz,
      author         = "Campbell, John M. and Ellis, R. Keith and Williams,
                        Ciaran",
      title          = "{Hadronic production of a Higgs boson and two jets at
                        next-to-leading order}",
      journal        = "Phys.Rev.",
      volume         = "D81",
      pages          = "074023",
      doi            = "10.1103/PhysRevD.81.074023",
      year           = "2010",
      eprint         = "1001.4495",
      archivePrefix  = "arXiv",
      primaryClass   = "hep-ph",
      reportNumber   = "FERMILAB-PUB-10-013-T, IPPP-10-06",
      SLACcitation   = "%%CITATION = ARXIV:1001.4495;%%",
}
@article{Campbell:2002tg,
      author         = "Campbell, John M. and Ellis, R. Keith",
      title          = "{Next-to-leading order corrections to $W^+$ 2 jet and
                        $Z^+$ 2 jet production at hadron colliders}",
      journal        = "Phys.Rev.",
      volume         = "D65",
      pages          = "113007",
      doi            = "10.1103/PhysRevD.65.113007",
      year           = "2002",
      eprint         = "hep-ph/0202176",
      archivePrefix  = "arXiv",
      primaryClass   = "hep-ph",
      reportNumber   = "ANL-HEP-PR-02-020, FERMILAB-PUB-02-032-T",
      SLACcitation   = "%%CITATION = HEP-PH/0202176;%%",
}
@article{Furmanski:1980cm,
      author         = "Furmanski, W. and Petronzio, R.",
      title          = "{Singlet Parton Densities Beyond Leading Order}",
      journal        = "Phys.Lett.",
      volume         = "B97",
      pages          = "437",
      doi            = "10.1016/0370-2693(80)90636-X",
      year           = "1980",
      reportNumber   = "CERN-TH-2933",
      SLACcitation   = "%%CITATION = PHLTA,B97,437;%%",
}
@article{Curci:1980uw,
      author         = "Curci, G. and Furmanski, W. and Petronzio, R.",
      title          = "{Evolution of Parton Densities Beyond Leading Order: The
                        Nonsinglet Case}",
      journal        = "Nucl.Phys.",
      volume         = "B175",
      pages          = "27",
      doi            = "10.1016/0550-3213(80)90003-6",
      year           = "1980",
      reportNumber   = "CERN-TH-2815",
      SLACcitation   = "%%CITATION = NUPHA,B175,27;%%",
}
@article{Moch:2004pa,
      author         = "Moch, S. and Vermaseren, J.A.M. and Vogt, A.",
      title          = "{The Three loop splitting functions in QCD: The
                        Nonsinglet case}",
      journal        = "Nucl.Phys.",
      volume         = "B688",
      pages          = "101-134",
      doi            = "10.1016/j.nuclphysb.2004.03.030",
      year           = "2004",
      eprint         = "hep-ph/0403192",
      archivePrefix  = "arXiv",
      primaryClass   = "hep-ph",
      reportNumber   = "DESY-04-047, SFB-CPP-04-09, NIKHEF-04-001",
      SLACcitation   = "%%CITATION = HEP-PH/0403192;%%",
}
@article{deFlorian:2001zd,
      author         = "de Florian, Daniel and Grazzini, Massimiliano",
      title          = "{The Structure of large logarithmic corrections at small
                        transverse momentum in hadronic collisions}",
      journal        = "Nucl.Phys.",
      volume         = "B616",
      pages          = "247-285",
      doi            = "10.1016/S0550-3213(01)00460-6",
      year           = "2001",
      eprint         = "hep-ph/0108273",
      archivePrefix  = "arXiv",
      primaryClass   = "hep-ph",
      SLACcitation   = "%%CITATION = HEP-PH/0108273;%%",
}
@article{gavin:zzzzzz,
      author         = "Salam, Gavin",
      title          = "{Private comunication}",
      journal        = "",
      volume         = "",
      pages          = "",
      year           = "2013",
}
@article{Bern:1998sc,
      author         = "Bern, Zvi and Del Duca, Vittorio and Schmidt, Carl R.",
      title          = "{The Infrared behavior of one loop gluon amplitudes at
                        next-to-next-to-leading order}",
      journal        = "Phys.Lett.",
      volume         = "B445",
      pages          = "168-177",
      doi            = "10.1016/S0370-2693(98)01495-6",
      year           = "1998",
      eprint         = "hep-ph/9810409",
      archivePrefix  = "arXiv",
      primaryClass   = "hep-ph",
      reportNumber   = "EDINBURGH-98-20, MSUHEP-81016, UCLA-98-TEP-29",
      SLACcitation   = "%%CITATION = HEP-PH/9810409;%%",
}
@article{Bern:1999ry,
      author         = "Bern, Zvi and Del Duca, Vittorio and Kilgore, William B.
                        and Schmidt, Carl R.",
      title          = "{The Infrared behavior of one loop QCD amplitudes at
                        next-to-next-to leading order}",
      journal        = "Phys.Rev.",
      volume         = "D60",
      pages          = "116001",
      doi            = "10.1103/PhysRevD.60.116001",
      year           = "1999",
      eprint         = "hep-ph/9903516",
      archivePrefix  = "arXiv",
      primaryClass   = "hep-ph",
      reportNumber   = "BNL-HET-99-6, DFTT-16-99, UCLA-99-TEP-11, MSUHEP-90325",
      SLACcitation   = "%%CITATION = HEP-PH/9903516;%%",
}
@article{Catani:2000pi,
      author         = "Catani, Stefano and Grazzini, Massimiliano",
      title          = "{The soft gluon current at one loop order}",
      journal        = "Nucl.Phys.",
      volume         = "B591",
      pages          = "435-454",
      doi            = "10.1016/S0550-3213(00)00572-1",
      year           = "2000",
      eprint         = "hep-ph/0007142",
      archivePrefix  = "arXiv",
      primaryClass   = "hep-ph",
      reportNumber   = "CERN-TH-2000-184",
      SLACcitation   = "%%CITATION = HEP-PH/0007142;%%",
}
@article{Giele:1991vf,
      author         = "Giele, W.T. and Glover, E.W. Nigel",
      title          = "{Higher order corrections to jet cross-sections in e+ e-
                        annihilation}",
      journal        = "Phys.Rev.",
      volume         = "D46",
      pages          = "1980-2010",
      doi            = "10.1103/PhysRevD.46.1980",
      year           = "1992",
      reportNumber   = "FERMILAB-PUB-91-100-T",
      SLACcitation   = "%%CITATION = PHRVA,D46,1980;%%",
}
@article{Kunszt:1992tn,
      author         = "Kunszt, Zoltan and Soper, Davison E.",
      title          = "{Calculation of jet cross-sections in hadron collisions
                        at order alpha-s**3}",
      journal        = "Phys.Rev.",
      volume         = "D46",
      pages          = "192-221",
      doi            = "10.1103/PhysRevD.46.192",
      year           = "1992",
      reportNumber   = "OITS-475",
      SLACcitation   = "%%CITATION = PHRVA,D46,192;%%",
}
@article{Kunszt:1994np,
      author         = "Kunszt, Zoltan and Signer, Adrian and Trocsanyi, Zoltan",
      title          = "{Singular terms of helicity amplitudes at one loop in QCD
                        and the soft limit of the cross-sections of multiparton
                        processes}",
      journal        = "Nucl.Phys.",
      volume         = "B420",
      pages          = "550-564",
      doi            = "10.1016/0550-3213(94)90077-9",
      year           = "1994",
      eprint         = "hep-ph/9401294",
      archivePrefix  = "arXiv",
      primaryClass   = "hep-ph",
      reportNumber   = "ETH-TH-94-03",
      SLACcitation   = "%%CITATION = HEP-PH/9401294;%%",
}
@article{Kosower:1999rx,
      author         = "Kosower, David A. and Uwer, Peter",
      title          = "{One loop splitting amplitudes in gauge theory}",
      journal        = "Nucl.Phys.",
      volume         = "B563",
      pages          = "477-505",
      doi            = "10.1016/S0550-3213(99)00583-0",
      year           = "1999",
      eprint         = "hep-ph/9903515",
      archivePrefix  = "arXiv",
      primaryClass   = "hep-ph",
      reportNumber   = "SACLAY-SPH-T-99-032",
      SLACcitation   = "%%CITATION = HEP-PH/9903515;%%",
}
@article{Davies:1984hs,
      author         = "Davies, C.T.H. and Stirling, W. James",
      title          = "{Nonleading Corrections to the Drell-Yan Cross-Section at
                        Small Transverse Momentum}",
      journal        = "Nucl.Phys.",
      volume         = "B244",
      pages          = "337",
      doi            = "10.1016/0550-3213(84)90316-X",
      year           = "1984",
      reportNumber   = "CERN-TH-3853",
      SLACcitation   = "%%CITATION = NUPHA,B244,337;%%",
}
@article{Bern:1994zx,
      author         = "Bern, Zvi and Dixon, Lance J. and Dunbar, David C. and
                        Kosower, David A.",
      title          = "{One loop n point gauge theory amplitudes, unitarity and
                        collinear limits}",
      journal        = "Nucl.Phys.",
      volume         = "B425",
      pages          = "217-260",
      doi            = "10.1016/0550-3213(94)90179-1",
      year           = "1994",
      eprint         = "hep-ph/9403226",
      archivePrefix  = "arXiv",
      primaryClass   = "hep-ph",
      reportNumber   = "SLAC-PUB-6415, SACLAY-SPH-T-94-20, UCLA-TEP-94-4,
                        SWAT-94-17",
      SLACcitation   = "%%CITATION = HEP-PH/9403226;%%",
}
@article{Bern:1994fz,
      author         = "Bern, Zvi and Dixon, Lance J. and Kosower, David A.",
      title          = "{One loop corrections to two quark three gluon
                        amplitudes}",
      journal        = "Nucl.Phys.",
      volume         = "B437",
      pages          = "259-304",
      doi            = "10.1016/0550-3213(94)00542-M",
      year           = "1995",
      eprint         = "hep-ph/9409393",
      archivePrefix  = "arXiv",
      primaryClass   = "hep-ph",
      reportNumber   = "SLAC-PUB-6663, SACLAY-SPH-T-94-108, UCLA-94-TEP-33",
      SLACcitation   = "%%CITATION = HEP-PH/9409393;%%",
}
@article{Catani:2011st,
      author         = "Catani, Stefano and de Florian, Daniel and Rodrigo,
                        German",
      title          = "{Space-like (versus time-like) collinear limits in QCD:
                        Is factorization violated?}",
      journal        = "JHEP",
      volume         = "1207",
      pages          = "026",
      doi            = "10.1007/JHEP07(2012)026",
      year           = "2012",
      eprint         = "1112.4405",
      archivePrefix  = "arXiv",
      primaryClass   = "hep-ph",
      reportNumber   = "LPN11-94, IFIC-11-72, ZU-TH-27-11",
      SLACcitation   = "%%CITATION = ARXIV:1112.4405;%%",
}
@article{Berends:1987me,
      author         = "Berends, Frits A. and Giele, W.T.",
      title          = "{Recursive Calculations for Processes with n Gluons}",
      journal        = "Nucl.Phys.",
      volume         = "B306",
      pages          = "759",
      doi            = "10.1016/0550-3213(88)90442-7",
      year           = "1988",
      reportNumber   = "Print-88-0100 (LEIDEN)",
      SLACcitation   = "%%CITATION = NUPHA,B306,759;%%",
}
@article{Mangano:1990by,
      author         = "Mangano, Michelangelo L. and Parke, Stephen J.",
      title          = "{Multiparton amplitudes in gauge theories}",
      journal        = "Phys.Rept.",
      volume         = "200",
      pages          = "301-367",
      doi            = "10.1016/0370-1573(91)90091-Y",
      year           = "1991",
      eprint         = "hep-th/0509223",
      archivePrefix  = "arXiv",
      primaryClass   = "hep-th",
      reportNumber   = "FERMILAB-PUB-90-113-T",
      SLACcitation   = "%%CITATION = HEP-TH/0509223;%%",
}
@article{Catani:2003vu,
      author         = "Catani, Stefano and de Florian, Daniel and Rodrigo,
                        German",
      title          = "{The Triple collinear limit of one loop QCD amplitudes}",
      journal        = "Phys.Lett.",
      volume         = "B586",
      pages          = "323-331",
      doi            = "10.1016/j.physletb.2004.02.039",
      year           = "2004",
      eprint         = "hep-ph/0312067",
      archivePrefix  = "arXiv",
      primaryClass   = "hep-ph",
      reportNumber   = "CERN-TH-2003-206",
      SLACcitation   = "%%CITATION = HEP-PH/0312067;%%",
}
@article{Catani:1996jh,
      author         = "Catani, S. and Seymour, M.H.",
      title          = "{The Dipole formalism for the calculation of QCD jet
                        cross-sections at next-to-leading order}",
      journal        = "Phys.Lett.",
      volume         = "B378",
      pages          = "287-301",
      doi            = "10.1016/0370-2693(96)00425-X",
      year           = "1996",
      eprint         = "hep-ph/9602277",
      archivePrefix  = "arXiv",
      primaryClass   = "hep-ph",
      reportNumber   = "CERN-TH-96-28",
      SLACcitation   = "%%CITATION = HEP-PH/9602277;%%",
}
@article{Catani:1996vz,
      author         = "Catani, S. and Seymour, M.H.",
      title          = "{A General algorithm for calculating jet cross-sections
                        in NLO QCD}",
      journal        = "Nucl.Phys.",
      volume         = "B485",
      pages          = "291-419",
      doi            = "10.1016/S0550-3213(96)00589-5",
      year           = "1997",
      eprint         = "hep-ph/9605323",
      archivePrefix  = "arXiv",
      primaryClass   = "hep-ph",
      reportNumber   = "CERN-TH-96-029, CERN-TH-96-29",
      SLACcitation   = "%%CITATION = HEP-PH/9605323;%%",
}
@article{Catani:1998bh,
      author         = "Catani, Stefano",
      title          = "{The Singular behavior of QCD amplitudes at two loop
                        order}",
      journal        = "Phys.Lett.",
      volume         = "B427",
      pages          = "161-171",
      doi            = "10.1016/S0370-2693(98)00332-3",
      year           = "1998",
      eprint         = "hep-ph/9802439",
      archivePrefix  = "arXiv",
      primaryClass   = "hep-ph",
      reportNumber   = "CERN-TH-98-42, LPTHE-ORSAY-97-57",
      SLACcitation   = "%%CITATION = HEP-PH/9802439;%%",
}
@article{Bern:1993qk,
      author         = "Bern, Zvi and Chalmers, Gordon and Dixon, Lance J. and
                        Kosower, David A.",
      title          = "{One loop N gluon amplitudes with maximal helicity
                        violation via collinear limits}",
      journal        = "Phys.Rev.Lett.",
      volume         = "72",
      pages          = "2134-2137",
      doi            = "10.1103/PhysRevLett.72.2134",
      year           = "1994",
      eprint         = "hep-ph/9312333",
      archivePrefix  = "arXiv",
      primaryClass   = "hep-ph",
      reportNumber   = "SLAC-PUB-6409, UCLA-TEP-93-51",
      SLACcitation   = "%%CITATION = HEP-PH/9312333;%%",
}
@article{Bern:1995ix,
      author         = "Bern, Zvi and Chalmers, Gordon",
      title          = "{Factorization in one loop gauge theory}",
      journal        = "Nucl.Phys.",
      volume         = "B447",
      pages          = "465-518",
      doi            = "10.1016/0550-3213(95)00226-I",
      year           = "1995",
      eprint         = "hep-ph/9503236",
      archivePrefix  = "arXiv",
      primaryClass   = "hep-ph",
      reportNumber   = "UCLA-95-TEP-6",
      SLACcitation   = "%%CITATION = HEP-PH/9503236;%%",
}
@article{Kosower:1999xi,
      author         = "Kosower, David A.",
      title          = "{All order collinear behavior in gauge theories}",
      journal        = "Nucl.Phys.",
      volume         = "B552",
      pages          = "319-336",
      doi            = "10.1016/S0550-3213(99)00251-5",
      year           = "1999",
      eprint         = "hep-ph/9901201",
      archivePrefix  = "arXiv",
      primaryClass   = "hep-ph",
      reportNumber   = "SACLAY-SPH-T-98-144",
      SLACcitation   = "%%CITATION = HEP-PH/9901201;%%",
}
@article{Bern:1994cg,
      author         = "Bern, Zvi and Dixon, Lance J. and Dunbar, David C. and
                        Kosower, David A.",
      title          = "{Fusing gauge theory tree amplitudes into loop
                        amplitudes}",
      journal        = "Nucl.Phys.",
      volume         = "B435",
      pages          = "59-101",
      doi            = "10.1016/0550-3213(94)00488-Z",
      year           = "1995",
      eprint         = "hep-ph/9409265",
      archivePrefix  = "arXiv",
      primaryClass   = "hep-ph",
      reportNumber   = "SLAC-PUB-6563, SACLAY-SPH-T-94-95, UCLA-TEP-94-29,
                        SWAT-94-36",
      SLACcitation   = "%%CITATION = HEP-PH/9409265;%%",
}
@article{Bern:1996je,
      author         = "Bern, Zvi and Dixon, Lance J. and Kosower, David A.",
      title          = "{Progress in one loop QCD computations}",
      journal        = "Ann.Rev.Nucl.Part.Sci.",
      volume         = "46",
      pages          = "109-148",
      doi            = "10.1146/annurev.nucl.46.1.109",
      year           = "1996",
      eprint         = "hep-ph/9602280",
      archivePrefix  = "arXiv",
      primaryClass   = "hep-ph",
      reportNumber   = "SLAC-PUB-7111, UCLA-96-TEP-5, SACLAY-SPH-T-96-10",
      SLACcitation   = "%%CITATION = HEP-PH/9602280;%%",
}
@article{Bern:1993qk,
      author         = "Bern, Zvi and Chalmers, Gordon and Dixon, Lance J. and
                        Kosower, David A.",
      title          = "{One loop N gluon amplitudes with maximal helicity
                        violation via collinear limits}",
      journal        = "Phys.Rev.Lett.",
      volume         = "72",
      pages          = "2134-2137",
      doi            = "10.1103/PhysRevLett.72.2134",
      year           = "1994",
      eprint         = "hep-ph/9312333",
      archivePrefix  = "arXiv",
      primaryClass   = "hep-ph",
      reportNumber   = "SLAC-PUB-6409, UCLA-TEP-93-51",
      SLACcitation   = "%%CITATION = HEP-PH/9312333;%%",
}
@article{Bern:1994zx,
      author         = "Bern, Zvi and Dixon, Lance J. and Dunbar, David C. and
                        Kosower, David A.",
      title          = "{One loop n point gauge theory amplitudes, unitarity and
                        collinear limits}",
      journal        = "Nucl.Phys.",
      volume         = "B425",
      pages          = "217-260",
      doi            = "10.1016/0550-3213(94)90179-1",
      year           = "1994",
      eprint         = "hep-ph/9403226",
      archivePrefix  = "arXiv",
      primaryClass   = "hep-ph",
      reportNumber   = "SLAC-PUB-6415, SACLAY-SPH-T-94-20, UCLA-TEP-94-4,
                        SWAT-94-17",
      SLACcitation   = "%%CITATION = HEP-PH/9403226;%%",
}
@article{Bern:2004cz,
      author         = "Bern, Zvi and Dixon, Lance J. and Kosower, David A.",
      title          = "{Two-loop g -> gg splitting amplitudes in QCD}",
      journal        = "JHEP",
      volume         = "0408",
      pages          = "012",
      doi            = "10.1088/1126-6708/2004/08/012",
      year           = "2004",
      eprint         = "hep-ph/0404293",
      archivePrefix  = "arXiv",
      primaryClass   = "hep-ph",
      reportNumber   = "SLAC-PUB-10414, UCLA-04-TEP-12, SACLAY-SPHT-T04-051,
                        NSF-KITP-04-43",
      SLACcitation   = "%%CITATION = HEP-PH/0404293;%%",
}
@article{Catani:2010pd,
      author         = "Catani, Stefano and Grazzini, Massimiliano",
      title          = "{QCD transverse-momentum resummation in gluon fusion
                        processes}",
      journal        = "Nucl.Phys.",
      volume         = "B845",
      pages          = "297-323",
      doi            = "10.1016/j.nuclphysb.2010.12.007",
      year           = "2011",
      eprint         = "1011.3918",
      archivePrefix  = "arXiv",
      primaryClass   = "hep-ph",
      SLACcitation   = "%%CITATION = ARXIV:1011.3918;%%",
}
@article{Nadolsky:2007ba,
      author         = "Nadolsky, Pavel M. and Balazs, C. and Berger, Edmond L.
                        and Yuan, C.-P.",
      title          = "{Gluon-gluon contributions to the production of continuum
                        diphoton pairs at hadron colliders}",
      journal        = "Phys.Rev.",
      volume         = "D76",
      pages          = "013008",
      doi            = "10.1103/PhysRevD.76.013008",
      year           = "2007",
      eprint         = "hep-ph/0702003",
      archivePrefix  = "arXiv",
      primaryClass   = "HEP-PH",
      reportNumber   = "ANL-HEP-PR-07-5",
      SLACcitation   = "%%CITATION = HEP-PH/0702003;%%",
}
@article{Catani:1996pk,
      author         = "Catani, S. and Seymour, M.H. and Trocsanyi, Z.",
      title          = "{Regularization scheme independence and unitarity in QCD
                        cross-sections}",
      journal        = "Phys.Rev.",
      volume         = "D55",
      pages          = "6819-6829",
      doi            = "10.1103/PhysRevD.55.6819",
      year           = "1997",
      eprint         = "hep-ph/9610553",
      archivePrefix  = "arXiv",
      primaryClass   = "hep-ph",
      reportNumber   = "CERN-TH-96-303",
      SLACcitation   = "%%CITATION = HEP-PH/9610553;%%",
}
@article{Gehrmann:2011wi,
      author         = "Gehrmann, Thomas and Monni, Pier Francesco",
      title          = "{Antenna subtraction at NNLO with hadronic initial
                        states: real-virtual initial-initial configurations}",
      journal        = "JHEP",
      volume         = "1112",
      pages          = "049",
      doi            = "10.1007/JHEP12(2011)049",
      year           = "2011",
      eprint         = "1107.4037",
      archivePrefix  = "arXiv",
      primaryClass   = "hep-ph",
      SLACcitation   = "%%CITATION = ARXIV:1107.4037;%%",
}
@article{Frixione:2007vw,
      author         = "Frixione, Stefano and Nason, Paolo and Oleari, Carlo",
      title          = "{Matching NLO QCD computations with Parton Shower
                        simulations: the POWHEG method}",
      journal        = "JHEP",
      volume         = "0711",
      pages          = "070",
      doi            = "10.1088/1126-6708/2007/11/070",
      year           = "2007",
      eprint         = "0709.2092",
      archivePrefix  = "arXiv",
      primaryClass   = "hep-ph",
      reportNumber   = "BICOCCA-FT-07-9, GEF-TH-21-2007",
      SLACcitation   = "%%CITATION = ARXIV:0709.2092;%%",
}
@article{Alioli:2010qp,
      author         = "Alioli, Simone and Nason, Paolo and Oleari, Carlo and Re,
                        Emanuele",
      title          = "{Vector boson plus one jet production in POWHEG}",
      journal        = "JHEP",
      volume         = "1101",
      pages          = "095",
      doi            = "10.1007/JHEP01(2011)095",
      year           = "2011",
      eprint         = "1009.5594",
      archivePrefix  = "arXiv",
      primaryClass   = "hep-ph",
      reportNumber   = "DESY-10-158, SFB-CPP-10-85, IPPP-10-78, DCPT-10-156",
      SLACcitation   = "%%CITATION = ARXIV:1009.5594;%%",
}
@article{Hamilton:2009za,
      author         = "Hamilton, Keith and Richardson, Peter and Tully, Jon",
      title          = "{A Positive-Weight Next-to-Leading Order Monte Carlo
                        Simulation for Higgs Boson Production}",
      journal        = "JHEP",
      volume         = "0904",
      pages          = "116",
      doi            = "10.1088/1126-6708/2009/04/116",
      year           = "2009",
      eprint         = "0903.4345",
      archivePrefix  = "arXiv",
      primaryClass   = "hep-ph",
      reportNumber   = "HERWIG-09-01, MCNET-09-08, IPPP-09-20, CPT-09-40,
                        CP3-09-09",
      SLACcitation   = "%%CITATION = ARXIV:0903.4345;%%",
}
@article{Boughezal:2013uia,
      author         = "Boughezal, Radja and Caola, Fabrizio and Melnikov, Kirill
                        and Petriello, Frank and Schulze, Markus",
      title          = "{Higgs boson production in association with a jet at
                        next-to-next-to-leading order in perturbative QCD}",
      year           = "2013",
      eprint         = "1302.6216",
      archivePrefix  = "arXiv",
      primaryClass   = "hep-ph",
      reportNumber   = "ANL-HEP-PR-13-13",
      SLACcitation   = "%%CITATION = ARXIV:1302.6216;%%",
}
@article{Aad:2012tfa,
      author         = "Aad, Georges and others",
      title          = "{Observation of a new particle in the search for the
                        Standard Model Higgs boson with the ATLAS detector at the
                        LHC}",
      collaboration  = "ATLAS Collaboration",
      journal        = "Phys.Lett.",
      volume         = "B716",
      pages          = "1-29",
      doi            = "10.1016/j.physletb.2012.08.020",
      year           = "2012",
      eprint         = "1207.7214",
      archivePrefix  = "arXiv",
      primaryClass   = "hep-ex",
      reportNumber   = "CERN-PH-EP-2012-218",
      SLACcitation   = "%%CITATION = ARXIV:1207.7214;%%",
}
@article{Chatrchyan:2012ufa,
      author         = "Chatrchyan, Serguei and others",
      title          = "{Observation of a new boson at a mass of 125 GeV with the
                        CMS experiment at the LHC}",
      collaboration  = "CMS Collaboration",
      journal        = "Phys.Lett.",
      volume         = "B716",
      pages          = "30-61",
      doi            = "10.1016/j.physletb.2012.08.021",
      year           = "2012",
      eprint         = "1207.7235",
      archivePrefix  = "arXiv",
      primaryClass   = "hep-ex",
      reportNumber   = "CMS-HIG-12-028, CERN-PH-EP-2012-220",
      SLACcitation   = "%%CITATION = ARXIV:1207.7235;%%",
}
@techreport{ATLAS-CONF-2013-040,
      title        = "Study of the spin of the new boson with up to 25~fb$^{-1}$
                      of ATLAS data",
      institution  = "CERN",
      address      = "Geneva",
      number       = "ATLAS-CONF-2013-040",
      month        = "Apr",
      year         = "2013",
}
@article{Chatrchyan:2012jja,
      author         = "Chatrchyan, Serguei and others",
      title          = "{On the mass and spin-parity of the Higgs boson candidate
                        via its decays to Z boson pairs}",
      collaboration  = "CMS Collaboration",
      journal        = "Phys.Rev.Lett.",
      volume         = "110",
      pages          = "081803",
      year           = "2013",
      eprint         = "1212.6639",
      archivePrefix  = "arXiv",
      primaryClass   = "hep-ex",
      reportNumber   = "CMS-HIG-12-041, CERN-PH-EP-2012-372",
      SLACcitation   = "%%CITATION = ARXIV:1212.6639;%%",
}
@article{LHCHiggsCrossSectionWorkingGroup:2012nn,
      author         = "LHC Higgs Cross Section Working Group, and David, A. and
                        Denner, A. and Duehrssen, M. and Grazzini, M. and others",
      title          = "{LHC HXSWG interim recommendations to explore the
                        coupling structure of a Higgs-like particle}",
      year           = "2012",
      eprint         = "1209.0040",
      archivePrefix  = "arXiv",
      primaryClass   = "hep-ph",
      reportNumber   = "LHCHXSWG-2012-001",
      SLACcitation   = "%%CITATION = ARXIV:1209.0040;%%",
}
@article{Dawson:1990zj,
      author         = "Dawson, S.",
      title          = "{Radiative corrections to Higgs boson production}",
      journal        = "Nucl.Phys.",
      volume         = "B359",
      pages          = "283-300",
      doi            = "10.1016/0550-3213(91)90061-2",
      year           = "1991",
      reportNumber   = "PRINT-91-0092 (BNL), BNL-45446",
      SLACcitation   = "%%CITATION = NUPHA,B359,283;%%",
}
@article{Djouadi:1991tka,
      author         = "Djouadi, A. and Spira, M. and Zerwas, P.M.",
      title          = "{Production of Higgs bosons in proton colliders: QCD
                        corrections}",
      journal        = "Phys.Lett.",
      volume         = "B264",
      pages          = "440-446",
      doi            = "10.1016/0370-2693(91)90375-Z",
      year           = "1991",
      reportNumber   = "PITHA-91-6",
      SLACcitation   = "%%CITATION = PHLTA,B264,440;%%",
}
@article{deFlorian:1999zd,
      author         = "de Florian, D. and Grazzini, M. and Kunszt, Z.",
      title          = "{Higgs production with large transverse momentum in
                        hadronic collisions at next-to-leading order}",
      journal        = "Phys.Rev.Lett.",
      volume         = "82",
      pages          = "5209-5212",
      doi            = "10.1103/PhysRevLett.82.5209",
      year           = "1999",
      eprint         = "hep-ph/9902483",
      archivePrefix  = "arXiv",
      primaryClass   = "hep-ph",
      reportNumber   = "ETH-TH-99-06",
      SLACcitation   = "%%CITATION = HEP-PH/9902483;%%",
}
@article{Ravindran:2002dc,
      author         = "Ravindran, V. and Smith, J. and Van Neerven, W.L.",
      title          = "{Next-to-leading order QCD corrections to differential
                        distributions of Higgs boson production in hadron hadron
                        collisions}",
      journal        = "Nucl.Phys.",
      volume         = "B634",
      pages          = "247-290",
      doi            = "10.1016/S0550-3213(02)00333-4",
      year           = "2002",
      eprint         = "hep-ph/0201114",
      archivePrefix  = "arXiv",
      primaryClass   = "hep-ph",
      reportNumber   = "YITP-SB-01-73, INLO-PUB-12-01",
      SLACcitation   = "%%CITATION = HEP-PH/0201114;%%",
}
@article{Campbell:2006xx,
      author         = "Campbell, John M. and Ellis, R. Keith and Zanderighi,
                        Giulia",
      title          = "{Next-to-Leading order Higgs + 2 jet production via gluon
                        fusion}",
      journal        = "JHEP",
      volume         = "0610",
      pages          = "028",
      doi            = "10.1088/1126-6708/2006/10/028",
      year           = "2006",
      eprint         = "hep-ph/0608194",
      archivePrefix  = "arXiv",
      primaryClass   = "hep-ph",
      reportNumber   = "CERN-PH-TH-06-164, FERMILAB-PUB-06-274-T",
      SLACcitation   = "%%CITATION = HEP-PH/0608194;%%",
}
@article{Campbell:2010cz,
      author         = "Campbell, John M. and Ellis, R. Keith and Williams,
                        Ciaran",
      title          = "{Hadronic production of a Higgs boson and two jets at
                        next-to-leading order}",
      journal        = "Phys.Rev.",
      volume         = "D81",
      pages          = "074023",
      doi            = "10.1103/PhysRevD.81.074023",
      year           = "2010",
      eprint         = "1001.4495",
      archivePrefix  = "arXiv",
      primaryClass   = "hep-ph",
      reportNumber   = "FERMILAB-PUB-10-013-T, IPPP-10-06",
      SLACcitation   = "%%CITATION = ARXIV:1001.4495;%%",
}
@article{vanDeurzen:2013rv,
      author         = "van Deurzen, H. and Greiner, N. and Luisoni, G. and
                        Mastrolia, P. and Mirabella, E. and others",
      title          = "{NLO QCD corrections to the production of Higgs plus two
                        jets at the LHC}",
      journal        = "Phys.Lett.",
      volume         = "B721",
      pages          = "74-81",
      doi            = "10.1016/j.physletb.2013.02.051",
      year           = "2013",
      eprint         = "1301.0493",
      archivePrefix  = "arXiv",
      primaryClass   = "hep-ph",
      reportNumber   = "DSF-03-2013, MPP-2013-36",
      SLACcitation   = "%%CITATION = ARXIV:1301.0493;%%",
}
@article{Harlander:2002wh,
      author         = "Harlander, Robert V. and Kilgore, William B.",
      title          = "{Next-to-next-to-leading order Higgs production at hadron
                        colliders}",
      journal        = "Phys.Rev.Lett.",
      volume         = "88",
      pages          = "201801",
      doi            = "10.1103/PhysRevLett.88.201801",
      year           = "2002",
      eprint         = "hep-ph/0201206",
      archivePrefix  = "arXiv",
      primaryClass   = "hep-ph",
      reportNumber   = "BNL-HET-02-3, CERN-TH-2002-006",
      SLACcitation   = "%%CITATION = HEP-PH/0201206;%%",
}
@article{Anastasiou:2002yz,
      author         = "Anastasiou, Charalampos and Melnikov, Kirill",
      title          = "{Higgs boson production at hadron colliders in NNLO QCD}",
      journal        = "Nucl.Phys.",
      volume         = "B646",
      pages          = "220-256",
      doi            = "10.1016/S0550-3213(02)00837-4",
      year           = "2002",
      eprint         = "hep-ph/0207004",
      archivePrefix  = "arXiv",
      primaryClass   = "hep-ph",
      reportNumber   = "SLAC-PUB-9273",
      SLACcitation   = "%%CITATION = HEP-PH/0207004;%%",
}
@article{Ravindran:2003um,
      author         = "Ravindran, V. and Smith, J. and van Neerven, W. L.",
      title          = "{NNLO corrections to the total cross-section for Higgs
                        boson production in hadron hadron collisions}",
      journal        = "Nucl.Phys.",
      volume         = "B665",
      pages          = "325-366",
      doi            = "10.1016/S0550-3213(03)00457-7",
      year           = "2003",
      eprint         = "hep-ph/0302135",
      archivePrefix  = "arXiv",
      primaryClass   = "hep-ph",
      reportNumber   = "YITP-SB-03-02, INLO-PUB-01-03",
      SLACcitation   = "%%CITATION = HEP-PH/0302135;%%",
}
@article{Anastasiou:2005qj,
      author         = "Anastasiou, Charalampos and Melnikov, Kirill and
                        Petriello, Frank",
      title          = "{Fully differential Higgs boson production and the
                        di-photon signal through next-to-next-to-leading order}",
      journal        = "Nucl.Phys.",
      volume         = "B724",
      pages          = "197-246",
      doi            = "10.1016/j.nuclphysb.2005.06.036",
      year           = "2005",
      eprint         = "hep-ph/0501130",
      archivePrefix  = "arXiv",
      primaryClass   = "hep-ph",
      reportNumber   = "UH-511-1066-05",
      SLACcitation   = "%%CITATION = HEP-PH/0501130;%%",
}
@article{Tackmann:2012bt,
      author         = "Tackmann, Frank J. and Walsh, Jonathan R. and Zuberi,
                        Saba",
      title          = "{Resummation Properties of Jet Vetoes at the LHC}",
      journal        = "Phys.Rev.",
      volume         = "D86",
      pages          = "053011",
      doi            = "10.1103/PhysRevD.86.053011",
      year           = "2012",
      eprint         = "1206.4312",
      archivePrefix  = "arXiv",
      primaryClass   = "hep-ph",
      reportNumber   = "DESY-12-104",
      SLACcitation   = "%%CITATION = ARXIV:1206.4312;%%",
}
@article{Liu:2012sz,
      author         = "Liu, Xiaohui and Petriello, Frank",
      title          = "{Resummation of jet-veto logarithms in hadronic processes
                        containing jets}",
      journal        = "Phys.Rev.",
      volume         = "D87",
      pages          = "014018",
      doi            = "10.1103/PhysRevD.87.014018",
      year           = "2013",
      eprint         = "1210.1906",
      archivePrefix  = "arXiv",
      primaryClass   = "hep-ph",
      reportNumber   = "ANL-HEP-PR-12-76",
      SLACcitation   = "%%CITATION = ARXIV:1210.1906;%%",
}
@article{Melnikov:2006kv,
      author         = "Melnikov, Kirill and Petriello, Frank",
      title          = "{Electroweak gauge boson production at hadron colliders
                        through O(alpha(s)**2)}",
      journal        = "Phys.Rev.",
      volume         = "D74",
      pages          = "114017",
      doi            = "10.1103/PhysRevD.74.114017",
      year           = "2006",
      eprint         = "hep-ph/0609070",
      archivePrefix  = "arXiv",
      primaryClass   = "hep-ph",
      reportNumber   = "UH-511-1092-06",
      SLACcitation   = "%%CITATION = HEP-PH/0609070;%%",
}
@article{Melnikov:2006di,
      author         = "Melnikov, Kirill and Petriello, Frank",
      title          = "{The $W$ boson production cross section at the LHC
                        through $O(\alpha^2_s)$}",
      journal        = "Phys.Rev.Lett.",
      volume         = "96",
      pages          = "231803",
      doi            = "10.1103/PhysRevLett.96.231803",
      year           = "2006",
      eprint         = "hep-ph/0603182",
      archivePrefix  = "arXiv",
      primaryClass   = "hep-ph",
      reportNumber   = "FERMILAB-PUB-06-059-T, UH-511-1083-06, MADPH-06-1256",
      SLACcitation   = "%%CITATION = HEP-PH/0603182;%%",
}
@article{Catani:2009sm,
      author         = "Catani, Stefano and Cieri, Leandro and Ferrera, Giancarlo
                        and de Florian, Daniel and Grazzini, Massimiliano",
      title          = "{Vector boson production at hadron colliders: A Fully
                        exclusive QCD calculation at NNLO}",
      journal        = "Phys.Rev.Lett.",
      volume         = "103",
      pages          = "082001",
      doi            = "10.1103/PhysRevLett.103.082001",
      year           = "2009",
      eprint         = "0903.2120",
      archivePrefix  = "arXiv",
      primaryClass   = "hep-ph",
      SLACcitation   = "%%CITATION = ARXIV:0903.2120;%%",
}
@article{Anastasiou:2004xq,
      author         = "Anastasiou, Charalampos and Melnikov, Kirill and
                        Petriello, Frank",
      title          = "{Higgs boson production at hadron colliders: Differential
                        cross sections through next-to-next-to-leading order}",
      journal        = "Phys.Rev.Lett.",
      volume         = "93",
      pages          = "262002",
      doi            = "10.1103/PhysRevLett.93.262002",
      year           = "2004",
      eprint         = "hep-ph/0409088",
      archivePrefix  = "arXiv",
      primaryClass   = "hep-ph",
      reportNumber   = "SLAC-PUB-10673",
      SLACcitation   = "%%CITATION = HEP-PH/0409088;%%",
}
@article{Anastasiou:2004qd,
      author         = "Anastasiou, Charalampos and Melnikov, Kirill and
                        Petriello, Frank",
      title          = "{Real radiation at NNLO: $e^+$ $e-$ $\gt$; 2 jets through
                        O(alpha**2(s))}",
      journal        = "Phys.Rev.Lett.",
      volume         = "93",
      pages          = "032002",
      doi            = "10.1103/PhysRevLett.93.032002",
      year           = "2004",
      eprint         = "hep-ph/0402280",
      archivePrefix  = "arXiv",
      primaryClass   = "hep-ph",
      reportNumber   = "SLAC-PUB-10360, UH-511-1045-04",
      SLACcitation   = "%%CITATION = HEP-PH/0402280;%%",
}
@article{Anastasiou:2005pn,
      author         = "Anastasiou, Charalampos and Melnikov, Kirill and
                        Petriello, Frank",
      title          = "{The Electron energy spectrum in muon decay through
                        O(alpha**2)}",
      journal        = "JHEP",
      volume         = "0709",
      pages          = "014",
      doi            = "10.1088/1126-6708/2007/09/014",
      year           = "2007",
      eprint         = "hep-ph/0505069",
      archivePrefix  = "arXiv",
      primaryClass   = "hep-ph",
      reportNumber   = "UH-511-1069-05",
      SLACcitation   = "%%CITATION = HEP-PH/0505069;%%",
}
@article{Czakon:2012zr,
      author         = "Czakon, Michal and Mitov, Alexander",
      title          = "{NNLO corrections to top-pair production at hadron
                        colliders: the all-fermionic scattering channels}",
      journal        = "JHEP",
      volume         = "1212",
      pages          = "054",
      doi            = "10.1007/JHEP12(2012)054",
      year           = "2012",
      eprint         = "1207.0236",
      archivePrefix  = "arXiv",
      primaryClass   = "hep-ph",
      SLACcitation   = "%%CITATION = ARXIV:1207.0236;%%",
}
@article{Czakon:2012pz,
      author         = "Czakon, Michal and Mitov, Alexander",
      title          = "{NNLO corrections to top pair production at hadron
                        colliders: the quark-gluon reaction}",
      journal        = "JHEP",
      volume         = "1301",
      pages          = "080",
      doi            = "10.1007/JHEP01(2013)080",
      year           = "2013",
      eprint         = "1210.6832",
      archivePrefix  = "arXiv",
      primaryClass   = "hep-ph",
      SLACcitation   = "%%CITATION = ARXIV:1210.6832;%%",
}
@article{Czakon:2013goa,
      author         = "Czakon, Michal and Fiedler, Paul and Mitov, Alexander",
      title          = "{The total top quark pair production cross-section at
                        hadron colliders through
                        $\cal{O}(\alpha_{\scriptscriptstyle{S}}^{4})$}",
      year           = "2013",
      eprint         = "1303.6254",
      archivePrefix  = "arXiv",
      primaryClass   = "hep-ph",
      reportNumber   = "CERN-PH-TH-2013-056, TTK-13-08",
      SLACcitation   = "%%CITATION = ARXIV:1303.6254;%%",
}
@article{deFlorian:2011xf,
      author         = "de Florian, Daniel and Ferrera, Giancarlo and Grazzini,
                        Massimiliano and Tommasini, Damiano",
      title          = "{Transverse-momentum resummation: Higgs boson production
                        at the Tevatron and the LHC}",
      journal        = "JHEP",
      volume         = "1111",
      pages          = "064",
      doi            = "10.1007/JHEP11(2011)064",
      year           = "2011",
      eprint         = "1109.2109",
      archivePrefix  = "arXiv",
      primaryClass   = "hep-ph",
      reportNumber   = "ZU-TH-17-11",
      SLACcitation   = "%%CITATION = ARXIV:1109.2109;%%",
}
@article{Catani:2007vq,
      author         = "Catani, Stefano and Grazzini, Massimiliano",
      title          = "{An NNLO subtraction formalism in hadron collisions and
                        its application to Higgs boson production at the LHC}",
      journal        = "Phys.Rev.Lett.",
      volume         = "98",
      pages          = "222002",
      doi            = "10.1103/PhysRevLett.98.222002",
      year           = "2007",
      eprint         = "hep-ph/0703012",
      archivePrefix  = "arXiv",
      primaryClass   = "hep-ph",
      SLACcitation   = "%%CITATION = HEP-PH/0703012;%%",
}
@article{Grazzini:2008tf,
      author         = "Grazzini, Massimiliano",
      title          = "{NNLO predictions for the Higgs boson signal in the H
                        $\rightarrow$ $W^{+}W^{-}$ $\rightarrow$ $\bar{l}\nu$ $l\bar{\nu}$  and H $\rightarrow$ ZZ $\rightarrow$ 4l
                        decay channels}",
      journal        = "JHEP",
      volume         = "0802",
      pages          = "043",
      doi            = "10.1088/1126-6708/2008/02/043",
      year           = "2008",
      eprint         = "0801.3232",
      archivePrefix  = "arXiv",
      primaryClass   = "hep-ph",
      SLACcitation   = "%%CITATION = ARXIV:0801.3232;%%",
}
@article{Ellis:1993tq,
      author         = "Ellis, Stephen D. and Soper, Davison E.",
      title          = "{Successive combination jet algorithm for hadron
                        collisions}",
      journal        = "Phys.Rev.",
      volume         = "D48",
      pages          = "3160-3166",
      doi            = "10.1103/PhysRevD.48.3160",
      year           = "1993",
      eprint         = "hep-ph/9305266",
      archivePrefix  = "arXiv",
      primaryClass   = "hep-ph",
      reportNumber   = "CERN-TH-6860-93",
      SLACcitation   = "%%CITATION = HEP-PH/9305266;%%",
}
@article{Cacciari:2008gp,
      author         = "Cacciari, Matteo and Salam, Gavin P. and Soyez, Gregory",
      title          = "{The Anti-k(t) jet clustering algorithm}",
      journal        = "JHEP",
      volume         = "0804",
      pages          = "063",
      doi            = "10.1088/1126-6708/2008/04/063",
      year           = "2008",
      eprint         = "0802.1189",
      archivePrefix  = "arXiv",
      primaryClass   = "hep-ph",
      reportNumber   = "LPTHE-07-03",
      SLACcitation   = "%%CITATION = ARXIV:0802.1189;%%",
}
@article{Cacciari:2011ma,
      author         = "Cacciari, Matteo and Salam, Gavin P. and Soyez, Gregory",
      title          = "{FastJet User Manual}",
      journal        = "Eur.Phys.J.",
      volume         = "C72",
      pages          = "1896",
      doi            = "10.1140/epjc/s10052-012-1896-2",
      year           = "2012",
      eprint         = "1111.6097",
      archivePrefix  = "arXiv",
      primaryClass   = "hep-ph",
      reportNumber   = "CERN-PH-TH-2011-297",
      SLACcitation   = "%%CITATION = ARXIV:1111.6097;%%",
}
@article{Cacciari:2005hq,
      author         = "Cacciari, Matteo and Salam, Gavin P.",
      title          = "{Dispelling the $N^{3}$ myth for the $k_t$ jet-finder}",
      journal        = "Phys.Lett.",
      volume         = "B641",
      pages          = "57-61",
      doi            = "10.1016/j.physletb.2006.08.037",
      year           = "2006",
      eprint         = "hep-ph/0512210",
      archivePrefix  = "arXiv",
      primaryClass   = "hep-ph",
      reportNumber   = "LPTHE-05-32",
      SLACcitation   = "%%CITATION = HEP-PH/0512210;%%",
}
@article{Evans:2008zzb,
      author         = "Evans, Lyndon and Bryant, Philip",
      editor         = "Evans, Lyndon",
      title          = "{LHC Machine}",
      journal        = "JINST",
      volume         = "3",
      pages          = "S08001",
      doi            = "10.1088/1748-0221/3/08/S08001",
      year           = "2008",
      SLACcitation   = "%%CITATION = JINST,3,S08001;%%",
}
@article{Salam:2012cv,
      author         = "Salam, Gavin P.",
      title          = "{QCD in hadron collisions}",
      year           = "2012",
      eprint         = "1207.0462",
      archivePrefix  = "arXiv",
      primaryClass   = "hep-ph",
      SLACcitation   = "%%CITATION = ARXIV:1207.0462;%%",
}
@article{Baernreuther:2012ws,
      author         = "Baernreuther, Peter and Czakon, Michal and Mitov,
                        Alexander",
      title          = "{Percent Level Precision Physics at the Tevatron: First
                        Genuine NNLO QCD Corrections to $q \bar{q} \to t \bar{t} +
                        X$}",
      journal        = "Phys.Rev.Lett.",
      volume         = "109",
      pages          = "132001",
      doi            = "10.1103/PhysRevLett.109.132001",
      year           = "2012",
      eprint         = "1204.5201",
      archivePrefix  = "arXiv",
      primaryClass   = "hep-ph",
      SLACcitation   = "%%CITATION = ARXIV:1204.5201;%%",
}
@article{Ridder:2013mf,
      author         = "Ridder, Aude Gehrmann-De and Gehrmann, Thomas and Glover,
                        E.W.N. and Pires, Joao",
      title          = "{Second order QCD corrections to jet production at hadron
                        colliders: the all-gluon contribution}",
      doi            = "10.1103/PhysRevLett.110.162003",
      year           = "2013",
      eprint         = "1301.7310",
      archivePrefix  = "arXiv",
      primaryClass   = "hep-ph",
      reportNumber   = "IPPP-13-3, ZU-TH-03-13",
      SLACcitation   = "%%CITATION = ARXIV:1301.7310;%%",
}
@article{Frixione:2002ik,
      author         = "Frixione, Stefano and Webber, Bryan R.",
      title          = "{Matching NLO QCD computations and parton shower
                        simulations}",
      journal        = "JHEP",
      volume         = "0206",
      pages          = "029",
      year           = "2002",
      eprint         = "hep-ph/0204244",
      archivePrefix  = "arXiv",
      primaryClass   = "hep-ph",
      reportNumber   = "CAVENDISH-HEP-02-01, LAPTH-905-02, GEF-TH-2-2002",
      SLACcitation   = "%%CITATION = HEP-PH/0204244;%%",
}
@article{Nason:2004rx,
      author         = "Nason, Paolo",
      title          = "{A New method for combining NLO QCD with shower Monte
                        Carlo algorithms}",
      journal        = "JHEP",
      volume         = "0411",
      pages          = "040",
      doi            = "10.1088/1126-6708/2004/11/040",
      year           = "2004",
      eprint         = "hep-ph/0409146",
      archivePrefix  = "arXiv",
      primaryClass   = "hep-ph",
      reportNumber   = "BICOCCA-FT-04-11",
      SLACcitation   = "%%CITATION = HEP-PH/0409146;%%",
}
@article{Frederix:2011qg,
      author         = "Frederix, Rikkert and Frixione, Stefano and Hirschi,
                        Valentin and Maltoni, Fabio and Pittau, Roberto and
                        others",
      title          = "{W and $Z/\gamma*$ boson production in association with a
                        bottom-antibottom pair}",
      journal        = "JHEP",
      volume         = "1109",
      pages          = "061",
      doi            = "10.1007/JHEP09(2011)061",
      year           = "2011",
      eprint         = "1106.6019",
      archivePrefix  = "arXiv",
      primaryClass   = "hep-ph",
      reportNumber   = "CERN-PH-TH-2011-147, CP3-11-20, NSF-KITP-11-114,
                        ZH-TH-13-11",
      SLACcitation   = "%%CITATION = ARXIV:1106.6019;%%",
}
@article{Frederix:2011ss,
      author         = "Frederix, Rikkert and Frixione, Stefano and Hirschi,
                        Valentin and Maltoni, Fabio and Pittau, Roberto and
                        others",
      title          = "{Four-lepton production at hadron colliders: aMC@NLO
                        predictions with theoretical uncertainties}",
      journal        = "JHEP",
      volume         = "1202",
      pages          = "099",
      doi            = "10.1007/JHEP02(2012)099",
      year           = "2012",
      eprint         = "1110.4738",
      archivePrefix  = "arXiv",
      primaryClass   = "hep-ph",
      reportNumber   = "CERN-PH-TH-2011-250, CP3-11-32, ZU-TH-19-11,
                        NSF-KITP-11-115",
      SLACcitation   = "%%CITATION = ARXIV:1110.4738;%%",
}
@article{Frederix:2011ig,
      author         = "Frederix, Rikkert and Frixione, Stefano and Hirschi,
                        Valentin and Maltoni, Fabio and Pittau, Roberto and
                        others",
      title          = "{aMC@NLO predictions for Wjj production at the Tevatron}",
      journal        = "JHEP",
      volume         = "1202",
      pages          = "048",
      doi            = "10.1007/JHEP02(2012)048",
      year           = "2012",
      eprint         = "1110.5502",
      archivePrefix  = "arXiv",
      primaryClass   = "hep-ph",
      reportNumber   = "CERN-PH-TH-2011-226, CP3-11-29, ZU-TH-16-11",
      SLACcitation   = "%%CITATION = ARXIV:1110.5502;%%",
}
@article{Frederix:2011zi,
      author         = "Frederix, Rikkert and Frixione, Stefano and Hirschi,
                        Valentin and Maltoni, Fabio and Pittau, Roberto and
                        others",
      title          = "{Scalar and pseudoscalar Higgs production in association
                        with a top-antitop pair}",
      journal        = "Phys.Lett.",
      volume         = "B701",
      pages          = "427-433",
      doi            = "10.1016/j.physletb.2011.06.012",
      year           = "2011",
      eprint         = "1104.5613",
      archivePrefix  = "arXiv",
      primaryClass   = "hep-ph",
      reportNumber   = "CERN-PH-TH-2011-091, CP3-11-17, ZU-TH-07-11",
      SLACcitation   = "%%CITATION = ARXIV:1104.5613;%%",
}
@article{Alioli:2010xd,
      author         = "Alioli, Simone and Nason, Paolo and Oleari, Carlo and Re,
                        Emanuele",
      title          = "{A general framework for implementing NLO calculations in
                        shower Monte Carlo programs: the POWHEG BOX}",
      journal        = "JHEP",
      volume         = "1006",
      pages          = "043",
      doi            = "10.1007/JHEP06(2010)043",
      year           = "2010",
      eprint         = "1002.2581",
      archivePrefix  = "arXiv",
      primaryClass   = "hep-ph",
      reportNumber   = "DESY-10-018, SFB-CPP-10-22, IPPP-10-11, DCPT-10-22",
      SLACcitation   = "%%CITATION = ARXIV:1002.2581;%%",
}
@article{Hoeche:2012ft,
      author         = "Hoeche, Stefan and Krauss, Frank and Schonherr, Marek and
                        Siegert, Frank",
      title          = "{W+n-jet predictions at the Large Hadron Collider at
                        next-to-leading order matched with a parton shower}",
      journal        = "Phys.Rev.Lett.",
      volume         = "110",
      pages          = "052001",
      doi            = "10.1103/PhysRevLett.110.052001",
      year           = "2013",
      eprint         = "1201.5882",
      archivePrefix  = "arXiv",
      primaryClass   = "hep-ph",
      reportNumber   = "SLAC-PUB-14859, IPPP-12-03, DCPT-12-06, LPN12-026,
                        MCNET-12-01, FR-PHENO-2012-001",
      SLACcitation   = "%%CITATION = ARXIV:1201.5882;%%",
}
@article{Campbell:2012am,
      author         = "Campbell, John M. and Ellis, R. Keith and Frederix,
                        Rikkert and Nason, Paolo and Oleari, Carlo and others",
      title          = "{NLO Higgs Boson Production Plus One and Two Jets Using
                        the POWHEG BOX, MadGraph4 and MCFM}",
      journal        = "JHEP",
      volume         = "1207",
      pages          = "092",
      doi            = "10.1007/JHEP07(2012)092",
      year           = "2012",
      eprint         = "1202.5475",
      archivePrefix  = "arXiv",
      primaryClass   = "hep-ph",
      reportNumber   = "FERMILAB-PUB-12-040-T",
      SLACcitation   = "%%CITATION = ARXIV:1202.5475;%%",
}
@article{Catani:2001cc,
      author         = "Catani, S. and Krauss, F. and Kuhn, R. and Webber, B.R.",
      title          = "{QCD matrix elements + parton showers}",
      journal        = "JHEP",
      volume         = "0111",
      pages          = "063",
      year           = "2001",
      eprint         = "hep-ph/0109231",
      archivePrefix  = "arXiv",
      primaryClass   = "hep-ph",
      reportNumber   = "CERN-TH-2000-367, CAVENDISH-HEP-00-03",
      SLACcitation   = "%%CITATION = HEP-PH/0109231;%%",
}
@article{Mangano:2001xp,
      author         = "Mangano, Michelangelo L. and Moretti, Mauro and Pittau,
                        Roberto",
      title          = "{Multijet matrix elements and shower evolution in
                        hadronic collisions: $W b \bar{b}$ + $n$ jets as a case
                        study}",
      journal        = "Nucl.Phys.",
      volume         = "B632",
      pages          = "343-362",
      doi            = "10.1016/S0550-3213(02)00249-3",
      year           = "2002",
      eprint         = "hep-ph/0108069",
      archivePrefix  = "arXiv",
      primaryClass   = "hep-ph",
      reportNumber   = "CERN-TH-2001-215",
      SLACcitation   = "%%CITATION = HEP-PH/0108069;%%",
}
@article{Alwall:2007fs,
      author         = "Alwall, Johan and Hoche, Stefan and Krauss, F. and
                        Lavesson, N. and Lonnblad, L. and others",
      title          = "{Comparative study of various algorithms for the merging
                        of parton showers and matrix elements in hadronic
                        collisions}",
      journal        = "Eur.Phys.J.",
      volume         = "C53",
      pages          = "473-500",
      doi            = "10.1140/epjc/s10052-007-0490-5",
      year           = "2008",
      eprint         = "0706.2569",
      archivePrefix  = "arXiv",
      primaryClass   = "hep-ph",
      reportNumber   = "SLAC-PUB-12604, CERN-PH-TH-2007-066, LU-TP-07-13,
                        KA-TP-06-2007, DCPT-07-62, IPPP-07-31",
      SLACcitation   = "%%CITATION = ARXIV:0706.2569;%%",
}
@article{Lonnblad:2001iq,
      author         = "Lonnblad, Leif",
      title          = "{Correcting the color dipole cascade model with fixed
                        order matrix elements}",
      journal        = "JHEP",
      volume         = "0205",
      pages          = "046",
      year           = "2002",
      eprint         = "hep-ph/0112284",
      archivePrefix  = "arXiv",
      primaryClass   = "hep-ph",
      reportNumber   = "LU-TP-01-38",
      SLACcitation   = "%%CITATION = HEP-PH/0112284;%%",
}
@article{Lavesson:2008ah,
      author         = "Lavesson, Nils and Lonnblad, Leif",
      title          = "{Extending CKKW-merging to One-Loop Matrix Elements}",
      journal        = "JHEP",
      volume         = "0812",
      pages          = "070",
      doi            = "10.1088/1126-6708/2008/12/070",
      year           = "2008",
      eprint         = "0811.2912",
      archivePrefix  = "arXiv",
      primaryClass   = "hep-ph",
      reportNumber   = "LU-TP-08-20, MCNET-08-13",
      SLACcitation   = "%%CITATION = ARXIV:0811.2912;%%",
}
@article{Alioli:2011nr,
      author         = "Alioli, Simone and Hamilton, Keith and Re, Emanuele",
      title          = "{Practical improvements and merging of POWHEG simulations
                        for vector boson production}",
      journal        = "JHEP",
      volume         = "1109",
      pages          = "104",
      doi            = "10.1007/JHEP09(2011)104",
      year           = "2011",
      eprint         = "1108.0909",
      archivePrefix  = "arXiv",
      primaryClass   = "hep-ph",
      reportNumber   = "DESY-11-133, IPPP-11-43, DCPT-11-86, MCNET-11-17,
                        LPN11-43",
      SLACcitation   = "%%CITATION = ARXIV:1108.0909;%%",
}
@article{Hamilton:2012np,
      author         = "Hamilton, Keith and Nason, Paolo and Zanderighi, Giulia",
      title          = "{MINLO: Multi-Scale Improved NLO}",
      journal        = "JHEP",
      volume         = "1210",
      pages          = "155",
      doi            = "10.1007/JHEP10(2012)155",
      year           = "2012",
      eprint         = "1206.3572",
      archivePrefix  = "arXiv",
      primaryClass   = "hep-ph",
      reportNumber   = "CERN-PH-TH-2012-166, OUTP-12-11P, MCNET-12-07",
      SLACcitation   = "%%CITATION = ARXIV:1206.3572;%%",
}
@article{Gehrmann:2012yg,
      author         = "Gehrmann, Thomas and Hoche, Stefan and Krauss, Frank and
                        Schonherr, Marek and Siegert, Frank",
      title          = "{NLO QCD matrix elements + parton showers in
                        $e^+e^-\rightarrow$ hadrons}",
      journal        = "JHEP",
      volume         = "1301",
      pages          = "144",
      doi            = "10.1007/JHEP01(2013)144",
      year           = "2013",
      eprint         = "1207.5031",
      archivePrefix  = "arXiv",
      primaryClass   = "hep-ph",
      reportNumber   = "ZU-TH-11-12, SLAC-PUB-15190, IPPP-12-51, DCPT-12-102,
                        LPN12-080, FR-PHENO-2012-018, MCNET-12-08,
                        --FR-PHENO-2012-018",
      SLACcitation   = "%%CITATION = ARXIV:1207.5031;%%",
}
@article{Hoeche:2012yf,
      author         = "Hoeche, Stefan and Krauss, Frank and Schonherr, Marek and
                        Siegert, Frank",
      title          = "{QCD matrix elements + parton showers: The NLO case}",
      journal        = "JHEP",
      volume         = "1304",
      pages          = "027",
      doi            = "10.1007/JHEP04(2013)027",
      year           = "2013",
      eprint         = "1207.5030",
      archivePrefix  = "arXiv",
      primaryClass   = "hep-ph",
      reportNumber   = "SLAC-PUB-15191, IPPP-12-52, DCPT-12-104, LPN12-081,
                        FR-PHENO-2012-017, MCNET-12-09",
      SLACcitation   = "%%CITATION = ARXIV:1207.5030;%%",
}
@article{Frederix:2012ps,
      author         = "Frederix, Rikkert and Frixione, Stefano",
      title          = "{Merging meets matching in MC@NLO}",
      journal        = "JHEP",
      volume         = "1212",
      pages          = "061",
      doi            = "10.1007/JHEP12(2012)061",
      year           = "2012",
      eprint         = "1209.6215",
      archivePrefix  = "arXiv",
      primaryClass   = "hep-ph",
      reportNumber   = "CERN-PH-TH-2012-247, ZU-TH-21-12",
      SLACcitation   = "%%CITATION = ARXIV:1209.6215;%%",
}
@article{Lonnblad:2012ng,
      author         = "Lonnblad, Leif and Prestel, Stefan",
      title          = "{Unitarising Matrix Element + Parton Shower merging}",
      journal        = "JHEP",
      volume         = "1302",
      pages          = "094",
      doi            = "10.1007/JHEP02(2013)094",
      year           = "2013",
      eprint         = "1211.4827",
      archivePrefix  = "arXiv",
      primaryClass   = "hep-ph",
      SLACcitation   = "%%CITATION = ARXIV:1211.4827;%%",
}
@article{Lonnblad:2012ix,
      author         = "Lonnblad, Leif and Prestel, Stefan",
      title          = "{Merging Multi-leg NLO Matrix Elements with Parton
                        Showers}",
      journal        = "JHEP",
      volume         = "1303",
      pages          = "166",
      doi            = "10.1007/JHEP03(2013)166",
      year           = "2013",
      eprint         = "1211.7278",
      archivePrefix  = "arXiv",
      primaryClass   = "hep-ph",
      reportNumber   = "MCNET-12-17, LU-TP-12-43",
      SLACcitation   = "%%CITATION = ARXIV:1211.7278;%%",
}
@article{Alioli:2012fc,
      author         = "Alioli, Simone and Bauer, Christian W. and Berggren,
                        Calvin J. and Hornig, Andrew and Tackmann, Frank J. and
                        others",
      title          = "{Combining Higher-Order Resummation with Multiple NLO
                        Calculations and Parton Showers in GENEVA}",
      year           = "2012",
      eprint         = "1211.7049",
      archivePrefix  = "arXiv",
      primaryClass   = "hep-ph",
      reportNumber   = "DESY-12-221",
      SLACcitation   = "%%CITATION = ARXIV:1211.7049;%%",
}
@article{Hamilton:2012rf,
      author         = "Hamilton, Keith and Nason, Paolo and Oleari, Carlo and
                        Zanderighi, Giulia",
      title          = "{Merging H/W/Z + 0 and 1 jet at NLO with no merging
                        scale: a path to parton shower + NNLO matching}",
      journal        = "JHEP",
      volume         = "1305",
      pages          = "082",
      doi            = "10.1007/JHEP05(2013)082",
      year           = "2013",
      eprint         = "1212.4504",
      archivePrefix  = "arXiv",
      primaryClass   = "hep-ph",
      SLACcitation   = "%%CITATION = ARXIV:1212.4504;%%",
}
@article{Platzer:2012bs,
      author         = "Platzer, Simon",
      title          = "{Controlling inclusive cross sections in parton shower +
                        matrix element merging}",
      year           = "2012",
      eprint         = "1211.5467",
      archivePrefix  = "arXiv",
      primaryClass   = "hep-ph",
      reportNumber   = "DESY-12-215, MCNET-12-13",
      SLACcitation   = "%%CITATION = ARXIV:1211.5467;%%",
}

@article{Nason:2012pr,
      author         = "Nason, Paolo and Webber, Bryan",
      title          = "{Next-to-Leading-Order Event Generators}",
      journal        = "Ann.Rev.Nucl.Part.Sci.",
      volume         = "62",
      pages          = "187-213",
      doi            = "10.1146/annurev-nucl-102711-094928",
      year           = "2012",
      eprint         = "1202.1251",
      archivePrefix  = "arXiv",
      primaryClass   = "hep-ph",
      reportNumber   = "CAVENDISH-HEP-2012-02, CERN-PH-TH-2012-028",
      SLACcitation   = "%%CITATION = ARXIV:1202.1251;%%",
}

@article{Alioli:2008tz,
      author         = "Alioli, Simone and Nason, Paolo and Oleari, Carlo and Re,
                        Emanuele",
      title          = "{NLO Higgs boson production via gluon fusion matched with
                        shower in POWHEG}",
      journal        = "JHEP",
      volume         = "0904",
      pages          = "002",
      doi            = "10.1088/1126-6708/2009/04/002",
      year           = "2009",
      eprint         = "0812.0578",
      archivePrefix  = "arXiv",
      primaryClass   = "hep-ph",
      SLACcitation   = "%%CITATION = ARXIV:0812.0578;%%",
}
@article{Dittmaier:2011ti,
      author         = "Dittmaier, S. and others",
      title          = "{Handbook of LHC Higgs Cross Sections: 1. Inclusive
                        Observables}",
      collaboration  = "LHC Higgs Cross Section Working Group",
      year           = "2011",
      eprint         = "1101.0593",
      archivePrefix  = "arXiv",
      primaryClass   = "hep-ph",
      reportNumber   = "CERN-2011-002",
      SLACcitation   = "%%CITATION = ARXIV:1101.0593;%%",
}
@article{Dittmaier:2012vm,
      author         = "Dittmaier, S. and Dittmaier, S. and Mariotti, C. and
                        Passarino, G. and Tanaka, R. and others",
      title          = "{Handbook of LHC Higgs Cross Sections: 2. Differential
                        Distributions}",
      year           = "2012",
      eprint         = "1201.3084",
      archivePrefix  = "arXiv",
      primaryClass   = "hep-ph",
      reportNumber   = "CERN-2012-002",
      SLACcitation   = "%%CITATION = ARXIV:1201.3084;%%",
}


@article{Gao:2013xoa,
      author         = "Gao, Jun and Guzzi, Marco and Huston, Joey and Lai,
                        Hung-Liang and Li, Zhao and others",
      title          = "{The CT10 NNLO Global Analysis of QCD}",
      year           = "2013",
      eprint         = "1302.6246",
      archivePrefix  = "arXiv",
      primaryClass   = "hep-ph",
      reportNumber   = "SMU-HEP-12-23",
      SLACcitation   = "%%CITATION = ARXIV:1302.6246;%%",
}

@article{Ball:2011uy,
      author         = "Ball, Richard D. and others",
      title          = "{Unbiased global determination of parton distributions
                        and their uncertainties at NNLO and at LO}",
      collaboration  = "NNPDF Collaboration",
      journal        = "Nucl.Phys.",
      volume         = "B855",
      pages          = "153-221",
      doi            = "10.1016/j.nuclphysb.2011.09.024",
      year           = "2012",
      eprint         = "1107.2652",
      archivePrefix  = "arXiv",
      primaryClass   = "hep-ph",
      reportNumber   = "EDINBURGH-2011-14, IFUM-979-FT, FR-PHENO-2011-010,
                        RWTH-TTK-11-24",
      SLACcitation   = "%%CITATION = ARXIV:1107.2652;%%",
}

@article{Hartgring:2013jma,
      author         = "Hartgring, L. and Laenen, E. and Skands, P.",
      title          = "{Antenna Showers with One-Loop Matrix Elements}",
      year           = "2013",
      eprint         = "1303.4974",
      archivePrefix  = "arXiv",
      primaryClass   = "hep-ph",
      reportNumber   = "CERN-PH-TH-2013-038-NIKHEF-2013-004-ITF-UU-13-02,
                        CERN-PH-TH-2013-038, NIKHEF-2013-004, ITF-UU-13-02",
      SLACcitation   = "%%CITATION = ARXIV:1303.4974;%%",
}
@article{Alioli:2010xa,
      author         = "Alioli, Simone and Hamilton, Keith and Nason, Paolo and
                        Oleari, Carlo and Re, Emanuele",
      title          = "{Jet pair production in POWHEG}",
      journal        = "JHEP",
      volume         = "1104",
      pages          = "081",
      doi            = "10.1007/JHEP04(2011)081",
      year           = "2011",
      eprint         = "1012.3380",
      archivePrefix  = "arXiv",
      primaryClass   = "hep-ph",
      reportNumber   = "DESY-10-233, SFB-CPP-10-128, IPPP-10-100, DCPT-10-200,
                        MCNET-10-23",
      SLACcitation   = "%%CITATION = ARXIV:1012.3380;%%",
}

@article{Luisoni:2013cuh,
      author         = "Luisoni, Gionata and Nason, Paolo and Oleari, Carlo and
                        Tramontano, Francesco",
      title          = "{Merging HW/HZ + 0 and 1 jet at NLO with no merging scale
                        using the POWHEG BOX interfaced to GoSam}",
      year           = "2013",
      eprint         = "1306.2542",
      archivePrefix  = "arXiv",
      primaryClass   = "hep-ph",
      SLACcitation   = "%%CITATION = ARXIV:1306.2542;%%",
}

@article{Grazzini:2013mca,
      author         = "Grazzini, M. and Sargsyan, H.",
      title          = "{Heavy-quark mass effects in Higgs boson production at
                        the LHC}",
      year           = "2013",
      eprint         = "1306.4581",
      archivePrefix  = "arXiv",
      primaryClass   = "hep-ph",
      reportNumber   = "ZU-TH-10-13",
      SLACcitation   = "%%CITATION = ARXIV:1306.4581;%%",
}

@article{Catani:1992ua,
      author         = "Catani, S. and Trentadue, L. and Turnock, G. and Webber,
                        B.R.",
      title          = "{Resummation of large logarithms in e+ e- event shape
                        distributions}",
      journal        = "Nucl.Phys.",
      volume         = "B407",
      pages          = "3-42",
      doi            = "10.1016/0550-3213(93)90271-P",
      year           = "1993",
      reportNumber   = "CERN-TH-6640-92, CAVENDISH-HEP-91-11",
      SLACcitation   = "%%CITATION = NUPHA,B407,3;%%",
}


@Article{Sjostrand:2003wg,
     author    = "Sjostrand, Torbjorn and Lonnblad, Leif and Mrenna, Stephen
                  and Skands, Peter",
     title     = "PYTHIA 6.3: Physics and manual",
     year      = "2003",
     eprint    = "hep-ph/0308153",
     SLACcitation  = "%%CITATION = HEP-PH/0308153;%%"
}


@article{Skands:2010ak,
      author         = "Skands, Peter Zeiler",
      title          = "{Tuning Monte Carlo Generators: The Perugia Tunes}",
      journal        = "Phys.Rev.",
      volume         = "D82",
      pages          = "074018",
      doi            = "10.1103/PhysRevD.82.074018",
      year           = "2010",
      eprint         = "1005.3457",
      archivePrefix  = "arXiv",
      primaryClass   = "hep-ph",
      reportNumber   = "MCNET-10-08, CERN-PH-TH-2010-113",
      SLACcitation   = "%%CITATION = ARXIV:1005.3457;%%",
}

@article{Campbell:2013vha,
      author         = "Campbell, John M. and Ellis, R. Keith and Nason, Paolo
                        and Zanderighi, Giulia",
      title          = "{W and Z bosons in association with two jets using the
                        POWHEG method}",
      journal        = "JHEP",
      volume         = "1308",
      pages          = "005",
      doi            = "10.1007/JHEP08(2013)005",
      year           = "2013",
      eprint         = "1303.5447",
      archivePrefix  = "arXiv",
      primaryClass   = "hep-ph",
      SLACcitation   = "%%CITATION = ARXIV:1303.5447;%%",
}

@article{Platzer:2011bc,
      author         = "Platzer, Simon and Gieseke, Stefan",
      title          = "{Dipole Showers and Automated NLO Matching in Herwig++}",
      journal        = "Eur.Phys.J.",
      volume         = "C72",
      pages          = "2187",
      doi            = "10.1140/epjc/s10052-012-2187-7",
      year           = "2012",
      eprint         = "1109.6256",
      archivePrefix  = "arXiv",
      primaryClass   = "hep-ph",
      reportNumber   = "DESY-11-162, KA-TP-24-2011, HERWIG-11-01, MCNET-11-24",
      SLACcitation   = "%%CITATION = ARXIV:1109.6256;%%",
}


@article{Dasgupta:2001eq,
      author         = "Dasgupta, M. and Salam, G.P.",
      title          = "{Resummation of the jet broadening in DIS}",
      journal        = "Eur.Phys.J.",
      volume         = "C24",
      pages          = "213-236",
      doi            = "10.1007/s100520200915",
      year           = "2002",
      eprint         = "hep-ph/0110213",
      archivePrefix  = "arXiv",
      primaryClass   = "hep-ph",
      reportNumber   = "DESY-01-160, CERN-TH-2001-261, LPTHE-01-43",
      SLACcitation   = "%%CITATION = HEP-PH/0110213;%%",
}

@article{Re:2012zi,
      author         = "Re, Emanuele",
      title          = "{NLO corrections merged with parton showers for Z+2 jets
                        production using the POWHEG method}",
      journal        = "JHEP",
      volume         = "1210",
      pages          = "031",
      doi            = "10.1007/JHEP10(2012)031",
      year           = "2012",
      eprint         = "1204.5433",
      archivePrefix  = "arXiv",
      primaryClass   = "hep-ph",
      reportNumber   = "IPPP-12-13, DCPT-12-26, MCNET-12-03",
      SLACcitation   = "%%CITATION = ARXIV:1204.5433;%%",
}

@article{Hamilton:2013fea,
      author         = "Hamilton, Keith and Nason, Paolo and Re, Emanuele and
                        Zanderighi, Giulia",
      title          = "{NNLOPS simulation of Higgs boson production}",
      journal        = "JHEP",
      volume         = "1310",
      pages          = "222",
      doi            = "10.1007/JHEP10(2013)222",
      year           = "2013",
      eprint         = "1309.0017",
      archivePrefix  = "arXiv",
      primaryClass   = "hep-ph",
      reportNumber   = "MCNET-13-11, CERN-PH-TH-2013-205, OUTP-13-18P",
      SLACcitation   = "%%CITATION = ARXIV:1309.0017;%%",
}
